@online{react_ui_docs,
  author    = {Meta Platforms, Inc.},
  title     = {Describing the UI},
  year      = {2025}, % Rok dostępu do strony
  url       = {https://react.dev/learn/describing-the-ui},
  note      = {Dostęp: 4 stycznia 2025}
}